
%% Journal abbreviations
@string{BJ={Biophys. J.}}
@string{JCP={J. Chem. Phys.}}
@string{JPC={J. Phys. Chem.}}
@string{JPCC={J. Phys. Chem. C}}
@string{JMB={J. Mol. Biol.}}
@string{P={Proteins}}
%%

@article{Mark:1994un,
author = {Mark, A E and van Gunsteren, W F},
title = {{Decomposition of the free energy of a system in terms of specific interactions: implications for theoretical and experimental studies}},
journal = JMB,
year = {1994}
}

@article{Boresch:1994jj,
author = {Boresch, S and Archontis, G and Karplus, M},
title = {{Free energy simulations: the meaning of the individual contributions from a component analysis.}},
journal = P,
year = {1994},
volume = {20},
number = {1},
pages = {25--33},
month = sep
}

@article{Boresch:1995ux,
author = {Boresch, Stefan and Karplus, Martin},
title = {{The meaning of component analysis: decomposition of the free energy in terms of specific interactions}},
journal = JMB,
year = {1995},
volume = {254},
number = {5},
pages = {801--807}
}

@article{Brady:1995dz,
author = {Brady, G P and Sharp, K a},
title = {{Decomposition of interaction free energies in proteins and other complex systems.}},
journal = JMB,
year = {1995},
volume = {254},
number = {1},
pages = {77--85},
month = nov
}

@article{Archontis:1996ef,
author = {Archontis, G and Archontis, G and Karplus, M},
title = {{Cumulant expansion of the free energy: Application to free energy derivatives and component analysis}},
journal = JCP,
year = {1996},
volume = {105},
number = {24},
pages = {11246}
}

@article{Brady:1996gm,
author = {Brady, G P and Szabo, a and Sharp, K a},
title = {{On the decomposition of free energies.}},
journal = JMB,
year = {1996},
volume = {263},
number = {2},
pages = {123--125},
month = oct
}

@article{Dixit:2011cl,
author = {Dixit, Purushottam D and Asthagiri, D},
title = {{The Role of Bulk Protein in Local Models of Ion-Binding to Proteins: Comparative Study of KcsA, Its Semisynthetic Analog with a Locked-in Binding Site, and Valinomycin}},
journal = BJ,
year = {2011},
volume = {100},
number = {6},
pages = {1542--1549},
month = mar
}

@article{Gu:2017ec,
author = {Gu, Geun Ho and Schweitzer, Benjamin and Michel, Carine and Steinmann, Stephan N and Sautet, Philippe and Vlachos, Dionisios G},
title = {{Group Additivity for Aqueous Phase Thermochemical Properties of Alcohols on Pt(111)}},
journal = JPCC,
year = {2017},
volume = {121},
number = {39},
pages = {21510--21519},
month = sep
}

@article{Smith:1994tn,
author = {Smith, Paul E and van Gunsteren, Wilfred F},
title = {{When are free energy components meaningful?}},
journal = JPC,
year = {1994},
volume = {98},
number = {51},
pages = {13735--13740}
}




